<record><leader>00000cas a22000007a 4500</leader><controlfield tag="001">13866557</controlfield><controlfield tag="008">860714c19249999vaucr ne      0   a0eng d</controlfield><datafield ind1=" " ind2=" " tag="010"><subfield code="a">sn 86001691 </subfield></datafield><datafield ind1=" " ind2=" " tag="040"><subfield code="a">NSD</subfield><subfield code="b">eng</subfield><subfield code="c">NSD</subfield><subfield code="d">NVK</subfield><subfield code="d">OCLCQ</subfield><subfield code="d">OCLCF</subfield><subfield code="d">OCLCO</subfield></datafield><datafield ind1=" " ind2=" " tag="012"><subfield code="l">1</subfield><subfield code="m">1</subfield></datafield><datafield ind1="1" ind2=" " tag="022"><subfield code="a">0889-3330</subfield><subfield code="l">0889-3330</subfield><subfield code="2">1</subfield></datafield><datafield ind1="1" ind2=" " tag="029"><subfield code="a">AU@</subfield><subfield code="b">000021114292</subfield></datafield><datafield ind1=" " ind2=" " tag="032"><subfield code="a">120120</subfield><subfield code="b">USPS</subfield></datafield><datafield ind1=" " ind2=" " tag="037"><subfield code="b">The Coalfield Progress, P.O. Box 380, Norton, VA 24273</subfield></datafield><datafield ind1=" " ind2=" " tag="042"><subfield code="a">nsdp</subfield></datafield><datafield ind1=" " ind2="4" tag="222"><subfield code="a">The Coalfield progress</subfield></datafield><datafield ind1="0" ind2="4" tag="245"><subfield code="a">The Coalfield progress.</subfield></datafield><datafield ind1=" " ind2=" " tag="260"><subfield code="a">Norton, Va. :</subfield><subfield code="b">Norton Press, Inc.,</subfield><subfield code="c">1924-</subfield></datafield><datafield ind1=" " ind2=" " tag="310"><subfield code="a">Semiweekly,</subfield><subfield code="b">Apr. 5, 1980-</subfield></datafield><datafield ind1=" " ind2=" " tag="321"><subfield code="a">Weekly,</subfield><subfield code="b">-Jan. 31, 1980</subfield></datafield><datafield ind1="0" ind2=" " tag="362"><subfield code="a">Vol. 12, no. 239 (Apr. 2, 1924)-</subfield></datafield><datafield ind1=" " ind2=" " tag="530"><subfield code="a">Available on microfilm from Bell &amp; Howell, Micro Photo Div.; and from UMI.</subfield></datafield><datafield ind1=" " ind2=" " tag="580"><subfield code="a">Consolidated with Crawford's weekly Feb. 9, 1935.</subfield></datafield><datafield ind1=" " ind2="0" tag="651"><subfield code="a">Norton (Va.)</subfield><subfield code="v">Newspapers.</subfield></datafield><datafield ind1=" " ind2="0" tag="651"><subfield code="a">Wise County (Va.)</subfield><subfield code="v">Newspapers.</subfield></datafield><datafield ind1=" " ind2="7" tag="655"><subfield code="a">Newspapers.</subfield><subfield code="2">fast</subfield><subfield code="0">(OCoLC)fst01423814</subfield></datafield><datafield ind1=" " ind2="7" tag="651"><subfield code="a">Virginia</subfield><subfield code="z">Norton.</subfield><subfield code="2">fast</subfield><subfield code="0">(OCoLC)fst01222303</subfield></datafield><datafield ind1=" " ind2="7" tag="651"><subfield code="a">Virginia</subfield><subfield code="z">Wise County.</subfield><subfield code="2">fast</subfield><subfield code="0">(OCoLC)fst01208085</subfield></datafield><datafield ind1=" " ind2=" " tag="752"><subfield code="a">United States</subfield><subfield code="b">Virginia</subfield><subfield code="c">Wise</subfield><subfield code="d">Norton.</subfield></datafield><datafield ind1="0" ind2="0" tag="780"><subfield code="t">Daily progress (Norton, Va.)</subfield><subfield code="w">(DLC)sn 99066919</subfield></datafield><datafield ind1="1" ind2="5" tag="780"><subfield code="t">Crawford's weekly</subfield><subfield code="w">(DLC)sn 94059439</subfield></datafield></record>